@inproceedings{Avidan97,
  author={Avidan, S. and Shashua, A.},
  booktitle={Proceedings of IEEE Computer Society Conference on Computer Vision and Pattern Recognition}, 
  title={Novel view synthesis in tensor space}, 
  year={1997},
  volume={},
  number={},
  pages={1034-1040},
  keywords={Tensile stress;Cameras;Interpolation;Layout;Rendering (computer graphics);Computer science;Image motion analysis;Engines;Image generation;Extrapolation},
  doi={10.1109/CVPR.1997.609457}
}

@inbook{Landy91,
  author={Landy, Michael and Movshon, J. Anthony},
  booktitle={Computational Models of Visual Processing}, 
  title={The Plenoptic Function and the Elements of Early Vision}, 
  publisher={MIT Press},
  year={1991},
  volume={},
  number={},
  pages={3-20},
  keywords={},
  doi={}}

@article{Martinez-Corral:18,
author = {Manuel Mart\'{i}nez-Corral and Bahram Javidi},
journal = {Adv. Opt. Photon.},
keywords = {Three-dimensional image processing; Three-dimensional image acquisition; Displays; Three-dimensional microscopy; Biomedical imaging; Imaging systems; Imaging techniques; Integral imaging; Microlens arrays; Real time imaging},
number = {3},
pages = {512--566},
publisher = {Optica Publishing Group},
title = {Fundamentals of 3D imaging and displays: a tutorial on integral imaging, light-field, and plenoptic systems},
volume = {10},
month = {Sep},
year = {2018},
url = {https://opg.optica.org/aop/abstract.cfm?URI=aop-10-3-512},
doi = {10.1364/AOP.10.000512}
}

@article{ullman79,
author = {Ullman, S.  and Brenner, Sydney },
title = {The interpretation of structure from motion},
journal = {Proceedings of the Royal Society of London. Series B. Biological Sciences},
volume = {203},
number = {1153},
pages = {405-426},
year = {1979},
doi = {10.1098/rspb.1979.0006},

URL = {https://royalsocietypublishing.org/doi/abs/10.1098/rspb.1979.0006},
eprint = {https://royalsocietypublishing.org/doi/pdf/10.1098/rspb.1979.0006}
}

@inproceedings{schoenberger2016mvs,
    author={Sch\"{o}nberger, Johannes Lutz and Zheng, Enliang and Pollefeys, Marc and Frahm, Jan-Michael},
    title={Pixelwise View Selection for Unstructured Multi-View Stereo},
    booktitle={European Conference on Computer Vision (ECCV)},
    year={2016},
}

@inproceedings{schoenberger2016sfm,
    author={Sch\"{o}nberger, Johannes Lutz and Frahm, Jan-Michael},
    title={Structure-from-Motion Revisited},
    booktitle={Conference on Computer Vision and Pattern Recognition (CVPR)},
    year={2016},
}

@inproceedings{mildenhall2020nerf,
 title={NeRF: Representing Scenes as Neural Radiance Fields for View Synthesis},
 author={Ben Mildenhall and Pratul P. Srinivasan and Matthew Tancik and Jonathan T. Barron and Ravi Ramamoorthi and Ren Ng},
 year={2020},
 booktitle={ECCV},
}

@article{barron2021mipnerf,
    title={Mip-NeRF: A Multiscale Representation 
           for Anti-Aliasing Neural Radiance Fields},
    author={Jonathan T. Barron and Ben Mildenhall and 
            Matthew Tancik and Peter Hedman and 
            Ricardo Martin-Brualla and Pratul P. Srinivasan},
    journal={ICCV},
    year={2021}
}

@article{garbin2021fastnerf,
    title={FastNeRF: High-Fidelity Neural Rendering at 200FPS},
    author={Garbin, Stephan J and Kowalski, Marek and Johnson, Matthew and Shotton, Jamie and Valentin, Julien},
    journal={arXiv preprint arXiv:2103.10380},
    year={2021}
}

@article{barron2022mipnerf360,
    title={Mip-NeRF 360: Unbounded Anti-Aliased Neural Radiance Fields},
    author={Jonathan T. Barron and Ben Mildenhall and 
            Dor Verbin and Pratul P. Srinivasan and Peter Hedman},
    journal={CVPR},
    year={2022}
}

@inproceedings{yu_and_fridovichkeil2021plenoxels,
      title={Plenoxels: Radiance Fields without Neural Networks},
      author={{Sara Fridovich-Keil and Alex Yu} and Matthew Tancik and Qinhong Chen and Benjamin Recht and Angjoo Kanazawa},
      year={2022},
      booktitle={CVPR},
}

@inproceedings{westover89splatting,
author = {Westover, Lee},
title = {Interactive volume rendering},
year = {1989},
isbn = {9781450373227},
publisher = {Association for Computing Machinery},
address = {New York, NY, USA},
url = {https://doi.org/10.1145/329129.329138},
doi = {10.1145/329129.329138},
booktitle = {Proceedings of the 1989 Chapel Hill Workshop on Volume Visualization},
pages = {9â€“16},
numpages = {8},
keywords = {volume rendering, algorithms, 3D image},
location = {Chapel Hill, Noth Carolina, USA},
series = {VVS '89}
}

@article{kerbl3Dgaussians,
      author       = {Kerbl, Bernhard and Kopanas, Georgios and Leimk{\"u}hler, Thomas and Drettakis, George},
      title        = {3D Gaussian Splatting for Real-Time Radiance Field Rendering},
      journal      = {ACM Transactions on Graphics},
      number       = {4},
      volume       = {42},
      month        = {July},
      year         = {2023},
      url          = {https://repo-sam.inria.fr/fungraph/3d-gaussian-splatting/}
}

@misc{fan2023lightgaussian,
  author    = {Zhiwen Fan and Kevin Wang and Kairun Wen and Zehao Zhu and Dejia Xu and Zhangyang Wang},
  title     = {LightGaussian: Unbounded 3D Gaussian Compression with 15x Reduction and 200+ FPS},
  year      ={2023}, 
  eprint    ={2311.17245}, 
  archivePrefix={arXiv}, 
  primaryClass={cs.CV},
}

@inproceedings{Niedermayr_2024_CVPR,
    author    = {Niedermayr, Simon and Stumpfegger, Josef and Westermann, R\"udiger},
    title     = {Compressed 3D Gaussian Splatting for Accelerated Novel View Synthesis},
    booktitle = {Proceedings of the IEEE/CVF Conference on Computer Vision and Pattern Recognition (CVPR)},
    month     = {June},
    year      = {2024},
    pages     = {10349-10358}
}

@inproceedings{Lee_2024_CVPR,
  author    = {Lee, Joo Chan and Rho, Daniel and Sun, Xiangyu and Ko, Jong Hwan and Park, Eunbyung},
  title     = {Compact 3D Gaussian Representation for Radiance Field},
  booktitle = {Proceedings of the IEEE/CVF Conference on Computer Vision and Pattern Recognition (CVPR)},
  year      = {2024},
  pages     = {21719-21728}
}

@InProceedings{Yu2024MipSplatting,
    author    = {Yu, Zehao and Chen, Anpei and Huang, Binbin and Sattler, Torsten and Geiger, Andreas},
    title     = {Mip-Splatting: Alias-free 3D Gaussian Splatting},
    booktitle = {Proceedings of the IEEE/CVF Conference on Computer Vision and Pattern Recognition (CVPR)},
    month     = {June},
    year      = {2024},
    pages     = {19447-19456}
}

@article{nyquist,
  author={Nyquist, H.},
  journal={Transactions of the American Institute of Electrical Engineers}, 
  title={Certain Topics in Telegraph Transmission Theory}, 
  year={1928},
  volume={47},
  number={2},
  pages={617-644},
  keywords={Telegraphy;Steady-state;Frequency conversion;Circuits;Costs;Distortion;Shape;Interference;Equalizers;Telephony},
  doi={10.1109/T-AIEE.1928.5055024}
}

@misc{yan2024multiscale3dgaussiansplatting,
      title={Multi-Scale 3D Gaussian Splatting for Anti-Aliased Rendering}, 
      author={Zhiwen Yan and Weng Fei Low and Yu Chen and Gim Hee Lee},
      year={2024},
      eprint={2311.17089},
      archivePrefix={arXiv},
      primaryClass={cs.CV},
      url={https://arxiv.org/abs/2311.17089}, 
}

@article{liu2024citygaussian,
  title={Citygaussian: Real-time high-quality large-scale scene rendering with gaussians},
  author={Liu, Yang and Guan, He and Luo, Chuanchen and Fan, Lue and Wang, Naiyan and Peng, Junran and Zhang, Zhaoxiang},
  journal={arXiv preprint arXiv:2404.01133},
  year={2024}
}

@book{dodge2008concise,
  title={The Concise Encyclopedia of Statistics},
  author={Dodge, Y.},
  isbn={9780387317427},
  lccn={2009941851},
  series={The Concise Encyclopedia of Statistics},
  url={https://books.google.ro/books?id=k2zklGOBRDwC},
  year={2008},
  publisher={Springer New York}
}

@inproceedings{li2023matrixcity,
  title={Matrixcity: A large-scale city dataset for city-scale neural rendering and beyond},
  author={Li, Yixuan and Jiang, Lihan and Xu, Linning and Xiangli, Yuanbo and Wang, Zhenzhi and Lin, Dahua and Dai, Bo},
  booktitle={Proceedings of the IEEE/CVF International Conference on Computer Vision},
  pages={3205--3215},
  year={2023}
}

@inproceedings{scaffoldgs,
  title={Scaffold-gs: Structured 3d gaussians for view-adaptive rendering},
  author={Lu, Tao and Yu, Mulin and Xu, Linning and Xiangli, Yuanbo and Wang, Limin and Lin, Dahua and Dai, Bo},
  booktitle={Proceedings of the IEEE/CVF Conference on Computer Vision and Pattern Recognition},
  pages={20654--20664},
  year={2024}
}

@misc{ren2024octreegs,
      title={Octree-GS: Towards Consistent Real-time Rendering with LOD-Structured 3D Gaussians}, 
      author={Kerui Ren and Lihan Jiang and Tao Lu and Mulin Yu and Linning Xu and Zhangkai Ni and Bo Dai},
      year={2024},
      eprint={2403.17898},
      archivePrefix={arXiv},
      primaryClass={cs.CV},
      url={https://arxiv.org/abs/2403.17898}, 
}

@article{kerbl_hierarchy,
author = {Kerbl, Bernhard and Meuleman, Andreas and Kopanas, Georgios and Wimmer, Michael and Lanvin, Alexandre and Drettakis, George},
title = {A Hierarchical 3D Gaussian Representation for Real-Time Rendering of Very Large Datasets},
year = {2024},
issue_date = {July 2024},
publisher = {Association for Computing Machinery},
address = {New York, NY, USA},
volume = {43},
number = {4},
url = {https://doi.org/10.1145/3658160},
doi = {10.1145/3658160},
journal = {ACM Trans. Graph.},
month = {jul},
keywords = {novel view synthesis, 3D gaussian splatting, large scenes, level-of-detail}
}

@inproceedings{ewa_splatting,
  author={Zwicker, M. and Pfister, H. and van Baar, J. and Gross, M.},
  booktitle={Proceedings Visualization, 2001. VIS '01.}, 
  title={EWA volume splatting}, 
  year={2001},
  volume={},
  number={},
  pages={29-538},
  keywords={Rendering (computer graphics);Surface fitting},
  doi={10.1109/VISUAL.2001.964490}
}

@misc{ye2023mathematicalsupplementtextttgsplatlibrary,
      title={Mathematical Supplement for the $\texttt{gsplat}$ Library}, 
      author={Vickie Ye and Angjoo Kanazawa},
      year={2023},
      eprint={2312.02121},
      archivePrefix={arXiv},
      primaryClass={cs.MS},
      url={https://arxiv.org/abs/2312.02121}, 
}
@book{maths_for_physiscs,
    author = {George B. Arfken, Hans J. Weber and Frank E. Harris},
    title = {Mathematical Methods for Physicists},
    publisher = {Academic Press, Elsevier, Inc.},
    year = {2013},
    pages = {786-791}
}

@inproceedings{Merrill2016SinglepassPP,
  title={Single-pass Parallel Prefix Scan with Decoupled Lookback},
  author={Duane Merrill and Michael Garland},
  booktitle={ }, 
  year={2016}
}

@inproceedings{Harada2011IntroductionTG,
  title={Introduction to GPU Radix Sort},
  author={Takahiro Harada and Lee W. Howes},
  year={2011},
  booktilte={}
}


@article{radix_sort,
author = {Merrill, Duane and Grimshaw, Andrew},
title = {HIGH PERFORMANCE AND SCALABLE RADIX SORTING: A CASE STUDY OF IMPLEMENTING DYNAMIC PARALLELISM FOR GPU COMPUTING},
journal = {Parallel Processing Letters},
volume = {21},
number = {02},
pages = {245-272},
year = {2011},
doi = {10.1142/S0129626411000187}
}

@article{cuda_ref,
author = {Nickolls, John and Buck, Ian and Garland, Michael and Skadron, Kevin},
title = {Scalable Parallel Programming with CUDA},
year = {2008},
issue_date = {March/April 2008},
publisher = {Association for Computing Machinery},
address = {New York, NY, USA},
volume = {6},
number = {2},
issn = {1542-7730},
url = {https://doi.org/10.1145/1365490.1365500},
doi = {10.1145/1365490.1365500},
journal = {Queue},
month = {mar},
pages = {40â€“53},
numpages = {14}
}

@article{Knapitsch2017,
    author    = {Arno Knapitsch and Jaesik Park and Qian-Yi Zhou and Vladlen Koltun},
    title     = {Tanks and Temples: Benchmarking Large-Scale Scene Reconstruction},
    journal   = {ACM Transactions on Graphics},
    volume    = {36},
    number    = {4},
    year      = {2017},
}

@article{box_filter,
    title   = {{A Survey of Gaussian Convolution Algorithms}},
    author  = {Getreuer, Pascal},
    journal = {{Image Processing On Line}},
    volume  = {3},
    pages   = {286--310},
    year    = {2013},
}

@article{gaussmerge1,
    author  = {Jakob, Wenzel and Regg, Christian and Jarosz, Wojciech},
    title   = {Progressive {{Expectation}}--{{Maximization}} for Hierarchical Volumetric Photon Mapping},
    journal = {Computer Graphics Forum (Proceedings of EGSR)},
    volume  = {30},
    number  = {4},
    month   = jun,
    year    = {2011},
    doi     = {10/dtwcjj}
}

@inproceedings{gaussmerge2,
 author = {Goldberger, Jacob and Roweis, Sam},
 booktitle = {Advances in Neural Information Processing Systems},
 editor = {L. Saul and Y. Weiss and L. Bottou},
 pages = {},
 publisher = {MIT Press},
 title = {Hierarchical Clustering of a Mixture Model},
 url = {https://proceedings.neurips.cc/paper_files/paper/2004/file/36e729ec173b94133d8fa552e4029f8b-Paper.pdf},
 volume = {17},
 year = {2004}
}

@article{weighted_mean,
 ISSN = {00359254, 14679876},
 URL = {http://www.jstor.org/stable/2346477},
 author = {M. R. B. Clarke},
 journal = {Journal of the Royal Statistical Society. Series C (Applied Statistics)},
 number = {2},
 pages = {206--209},
 publisher = {[Royal Statistical Society, Oxford University Press]},
 title = {Algorithm AS 41: Updating the Sample Mean and Dispersion Matrix},
 urldate = {2024-09-06},
 volume = {20},
 year = {1971}
}

@book{RTR4,
 author = {Tomas Akenine-M\"{o}ller and Eric Haines and Naty Hoffman and Angelo Pesce and Micha\l{} Iwanicki and S\'{e}bastien Hillaire},
 title = {Real-Time Rendering 4th Edition},
 year = {2018},
 pages = {1200},
 isbn = {978-1-13862-700-0},
 publisher = {A K Peters/CRC Press},
 address = {Boca Raton, FL, USA},
 }

@misc{kmeans,
 Author = {MacQueen, J.},
 Title = {Some methods for classification and analysis of multivariate observations},
 Year = {1967},
 Language = {English},
 HowPublished = {Proc. 5th {Berkeley} {Symp}. {Math}. {Stat}. {Probab}., {Univ}. {Calif}. 1965/66, 1, 281-297 (1967).},
 Keywords = {62H30},
 zbMATH = {3340881},
 Zbl = {0214.46201}
}

@inproceedings{spectral,
 author = {Ng, Andrew and Jordan, Michael and Weiss, Yair},
 booktitle = {Advances in Neural Information Processing Systems},
 editor = {T. Dietterich and S. Becker and Z. Ghahramani},
 pages = {},
 publisher = {MIT Press},
 title = {On Spectral Clustering: Analysis and an algorithm},
 url = {https://proceedings.neurips.cc/paper_files/paper/2001/file/801272ee79cfde7fa5960571fee36b9b-Paper.pdf},
 volume = {14},
 year = {2001}
}

@inproceedings{dbscan,
author = {Ester, Martin and Kriegel, Hans-Peter and Sander, J\"{o}rg and Xu, Xiaowei},
title = {A density-based algorithm for discovering clusters in large spatial databases with noise},
year = {1996},
publisher = {AAAI Press},
booktitle = {Proceedings of the Second International Conference on Knowledge Discovery and Data Mining},
pages = {226â€“231},
numpages = {6},
keywords = {arbitrary shape of clusters, clustering algorithms, efficiency on large spatial databases, handling nlj4-275oise},
location = {Portland, Oregon},
series = {KDD'96}
}

@book{lod,
author = {Luebke, David and Watson, Benjamin and Cohen, Jonathan D. and Reddy, Martin and Varshney, Amitabh},
title = {Level of Detail for 3D Graphics},
year = {2002},
isbn = {1558608389},
publisher = {Elsevier Science Inc.},
}

  

